<record><leader>00000cas a22000007a 4500</leader><controlfield tag="001">11868122</controlfield><controlfield tag="008">850330c19819999wiuwr ne      0   a0eng d</controlfield><datafield ind1=" " ind2=" " tag="010"><subfield code="a">sn 85040380 </subfield></datafield><datafield ind1=" " ind2=" " tag="040"><subfield code="a">NPV</subfield><subfield code="b">eng</subfield><subfield code="c">NPV</subfield><subfield code="d">NSD</subfield><subfield code="d">OCLCQ</subfield></datafield><datafield ind1=" " ind2=" " tag="012"><subfield code="k">1</subfield><subfield code="l">1</subfield><subfield code="m">1</subfield></datafield><datafield ind1="1" ind2=" " tag="022"><subfield code="a">1049-0655</subfield><subfield code="l">1049-0655</subfield><subfield code="2">1</subfield></datafield><datafield ind1=" " ind2=" " tag="032"><subfield code="a">614600</subfield><subfield code="b">USPS</subfield></datafield><datafield ind1=" " ind2=" " tag="037"><subfield code="b">Stoughton Newspapers, P.O. Box 577, Stoughton, WI 53589</subfield></datafield><datafield ind1=" " ind2=" " tag="042"><subfield code="a">msc</subfield><subfield code="a">nsdp</subfield></datafield><datafield ind1=" " ind2=" " tag="043"><subfield code="a">n-us-wi</subfield></datafield><datafield ind1=" " ind2=" " tag="045"><subfield code="a">x8--</subfield></datafield><datafield ind1=" " ind2=" " tag="052"><subfield code="a">4123</subfield><subfield code="b">D3</subfield></datafield><datafield ind1="0" ind2=" " tag="130"><subfield code="a">Stoughton courier hub (Stoughton, Wis. : 1981)</subfield></datafield><datafield ind1=" " ind2="4" tag="222"><subfield code="a">The Stoughton courier hub</subfield><subfield code="b">(1981)</subfield></datafield><datafield ind1="1" ind2="4" tag="245"><subfield code="a">The Stoughton courier hub.</subfield></datafield><datafield ind1="1" ind2="3" tag="246"><subfield code="a">Hub</subfield></datafield><datafield ind1=" " ind2=" " tag="260"><subfield code="a">Stoughton, Wis. :</subfield><subfield code="b">Stoughton Newspapers,</subfield><subfield code="c">1981-</subfield></datafield><datafield ind1=" " ind2=" " tag="300"><subfield code="a">v. :</subfield><subfield code="b">ill.</subfield></datafield><datafield ind1=" " ind2=" " tag="310"><subfield code="a">Weekly</subfield></datafield><datafield ind1="0" ind2=" " tag="362"><subfield code="a">Vol. 103, no. 14 (July 11, 1981)-</subfield></datafield><datafield ind1=" " ind2=" " tag="500"><subfield code="a">Editor: S. Ehle, July 11, 1981-</subfield></datafield><datafield ind1=" " ind2=" " tag="530"><subfield code="a">Available on microfilm from The State Historical Society of Wisconsin.</subfield></datafield><datafield ind1=" " ind2=" " tag="588"><subfield code="a">Latest issue consulted: Vol. 111, no. 38 (Mar. 21, 1990).</subfield></datafield><datafield ind1=" " ind2=" " tag="752"><subfield code="a">United States</subfield><subfield code="b">Wisconsin</subfield><subfield code="c">Dane</subfield><subfield code="d">Stoughton.</subfield></datafield><datafield ind1="0" ind2="0" tag="780"><subfield code="t">Courier hub</subfield><subfield code="w">(DLC)sn 85040381</subfield></datafield><datafield ind1="1" ind2=" " tag="029"><subfield code="a">AU@</subfield><subfield code="b">000025800040</subfield></datafield></record>